%YAML 1.1
%TAG !u! tag:unity3d.com,2011:
--- !u!1 &1822882844696247145
GameObject:
  m_ObjectHideFlags: 0
  m_CorrespondingSourceObject: {fileID: 0}
  m_PrefabInstance: {fileID: 0}
  m_PrefabAsset: {fileID: 0}
  serializedVersion: 6
  m_Component:
  - component: {fileID: 1832398720298377815}
  m_Layer: 0
  m_Name: GroundCheckOrigins
  m_TagString: Untagged
  m_Icon: {fileID: 0}
  m_NavMeshLayer: 0
  m_StaticEditorFlags: 0
  m_IsActive: 1
--- !u!4 &1832398720298377815
Transform:
  m_ObjectHideFlags: 0
  m_CorrespondingSourceObject: {fileID: 0}
  m_PrefabInstance: {fileID: 0}
  m_PrefabAsset: {fileID: 0}
  m_GameObject: {fileID: 1822882844696247145}
  m_LocalRotation: {x: -0, y: -0, z: -0, w: 1}
  m_LocalPosition: {x: 0, y: -0.172, z: 0}
  m_LocalScale: {x: 1, y: 1, z: 1}
  m_Children:
  - {fileID: 4801239084128482971}
  - {fileID: 8063537713658999453}
  m_Father: {fileID: 8667758007575834257}
  m_RootOrder: 0
  m_LocalEulerAnglesHint: {x: 0, y: 0, z: 0}
--- !u!1 &4728532030953617776
GameObject:
  m_ObjectHideFlags: 0
  m_CorrespondingSourceObject: {fileID: 0}
  m_PrefabInstance: {fileID: 0}
  m_PrefabAsset: {fileID: 0}
  serializedVersion: 6
  m_Component:
  - component: {fileID: 4801239084128482971}
  m_Layer: 0
  m_Name: GroundCheckOrigin1
  m_TagString: Untagged
  m_Icon: {fileID: 3306451490063965843, guid: 0000000000000000d000000000000000, type: 0}
  m_NavMeshLayer: 0
  m_StaticEditorFlags: 0
  m_IsActive: 1
--- !u!4 &4801239084128482971
Transform:
  m_ObjectHideFlags: 0
  m_CorrespondingSourceObject: {fileID: 0}
  m_PrefabInstance: {fileID: 0}
  m_PrefabAsset: {fileID: 0}
  m_GameObject: {fileID: 4728532030953617776}
  m_LocalRotation: {x: 0, y: 0, z: 0, w: 1}
  m_LocalPosition: {x: -0.2, y: 0, z: 0}
  m_LocalScale: {x: 1, y: 1, z: 1}
  m_Children: []
  m_Father: {fileID: 1832398720298377815}
  m_RootOrder: 0
  m_LocalEulerAnglesHint: {x: 0, y: 0, z: 0}
--- !u!114 &7011624589429049143
MonoBehaviour:
  m_ObjectHideFlags: 0
  m_CorrespondingSourceObject: {fileID: 0}
  m_PrefabInstance: {fileID: 0}
  m_PrefabAsset: {fileID: 0}
  m_GameObject: {fileID: 5791679362609605223}
  m_Enabled: 1
  m_EditorHideFlags: 0
  m_Script: {fileID: 11500000, guid: 9aa8d35362023ad4abf957c0e34ebc79, type: 3}
  m_Name: 
  m_EditorClassIdentifier: 
--- !u!1 &6349162842043147526
GameObject:
  m_ObjectHideFlags: 0
  m_CorrespondingSourceObject: {fileID: 0}
  m_PrefabInstance: {fileID: 0}
  m_PrefabAsset: {fileID: 0}
  serializedVersion: 6
  m_Component:
  - component: {fileID: 8667758007575834257}
  - component: {fileID: 8741450124780421684}
  - component: {fileID: 8546306017795067179}
  - component: {fileID: 7668651719593712117}
  - component: {fileID: 513637077806430504}
  - component: {fileID: 6471751225825969181}
  - component: {fileID: 6471751224449557855}
  - component: {fileID: 5795851243715756669}
  - component: {fileID: 6471751225026928928}
  m_Layer: 8
  m_Name: Ibb_Player_Prefab
  m_TagString: Player
  m_Icon: {fileID: 0}
  m_NavMeshLayer: 0
  m_StaticEditorFlags: 0
  m_IsActive: 1
--- !u!4 &8667758007575834257
Transform:
  m_ObjectHideFlags: 0
  m_CorrespondingSourceObject: {fileID: 0}
  m_PrefabInstance: {fileID: 0}
  m_PrefabAsset: {fileID: 0}
  m_GameObject: {fileID: 6349162842043147526}
  m_LocalRotation: {x: 0, y: 0, z: 0, w: 1}
  m_LocalPosition: {x: 0, y: 0, z: 0}
  m_LocalScale: {x: 1, y: 1, z: 1}
  m_Children:
  - {fileID: 1832398720298377815}
  - {fileID: 5791679362609313351}
  m_Father: {fileID: 0}
  m_RootOrder: 0
  m_LocalEulerAnglesHint: {x: 0, y: 0, z: 0}
--- !u!54 &8741450124780421684
Rigidbody:
  m_ObjectHideFlags: 0
  m_CorrespondingSourceObject: {fileID: 0}
  m_PrefabInstance: {fileID: 0}
  m_PrefabAsset: {fileID: 0}
  m_GameObject: {fileID: 6349162842043147526}
  serializedVersion: 2
  m_Mass: 1
  m_Drag: 0
  m_AngularDrag: 0
  m_UseGravity: 0
  m_IsKinematic: 0
  m_Interpolate: 0
  m_Constraints: 112
  m_CollisionDetection: 3
--- !u!114 &8546306017795067179
MonoBehaviour:
  m_ObjectHideFlags: 0
  m_CorrespondingSourceObject: {fileID: 0}
  m_PrefabInstance: {fileID: 0}
  m_PrefabAsset: {fileID: 0}
  m_GameObject: {fileID: 6349162842043147526}
  m_Enabled: 1
  m_EditorHideFlags: 0
  m_Script: {fileID: 11500000, guid: 552b38732fd6f2c49870c70ee7403c9c, type: 3}
  m_Name: 
  m_EditorClassIdentifier: 
--- !u!114 &7668651719593712117
MonoBehaviour:
  m_ObjectHideFlags: 0
  m_CorrespondingSourceObject: {fileID: 0}
  m_PrefabInstance: {fileID: 0}
  m_PrefabAsset: {fileID: 0}
  m_GameObject: {fileID: 6349162842043147526}
  m_Enabled: 1
  m_EditorHideFlags: 0
  m_Script: {fileID: 11500000, guid: 66672fe45de1d5944b71de52b5f4fa5b, type: 3}
  m_Name: 
  m_EditorClassIdentifier: 
--- !u!114 &513637077806430504
MonoBehaviour:
  m_ObjectHideFlags: 0
  m_CorrespondingSourceObject: {fileID: 0}
  m_PrefabInstance: {fileID: 0}
  m_PrefabAsset: {fileID: 0}
  m_GameObject: {fileID: 6349162842043147526}
  m_Enabled: 1
  m_EditorHideFlags: 0
  m_Script: {fileID: 11500000, guid: 556f107a9f77ce647ace9cdc85a88706, type: 3}
  m_Name: 
  m_EditorClassIdentifier: 
  moveSpeed: 3
  moveSpeedAirDeceleration: 0.5
  moveSpeedMultiplierOnTopOfPlayer: 1.5
  jumpSpeed: 5
  bringPlayerDownGravityMultiplier: 1.4
  groundLayer:
    serializedVersion: 2
    m_Bits: 256
  groundCheckDistance: 0.15
  groundCheckRaycastOrigins:
  - {fileID: 4801239084128482971}
  - {fileID: 8063537713658999453}
--- !u!65 &6471751225825969181
BoxCollider:
  m_ObjectHideFlags: 0
  m_CorrespondingSourceObject: {fileID: 0}
  m_PrefabInstance: {fileID: 0}
  m_PrefabAsset: {fileID: 0}
  m_GameObject: {fileID: 6349162842043147526}
  m_Material: {fileID: 13400000, guid: 73027f540f2b9614ba0fcdb9537daafb, type: 2}
  m_IsTrigger: 0
  m_Enabled: 1
  serializedVersion: 2
  m_Size: {x: 0.4, y: 0.47, z: 0.4}
  m_Center: {x: 0, y: 0, z: -0.02}
--- !u!114 &6471751224449557855
MonoBehaviour:
  m_ObjectHideFlags: 0
  m_CorrespondingSourceObject: {fileID: 0}
  m_PrefabInstance: {fileID: 0}
  m_PrefabAsset: {fileID: 0}
  m_GameObject: {fileID: 6349162842043147526}
  m_Enabled: 1
  m_EditorHideFlags: 0
  m_Script: {fileID: 11500000, guid: a3d92c6fedc4b414f9d1d6eab6ebccbb, type: 3}
  m_Name: 
  m_EditorClassIdentifier: 
  playerId: 1
--- !u!114 &5795851243715756669
MonoBehaviour:
  m_ObjectHideFlags: 0
  m_CorrespondingSourceObject: {fileID: 0}
  m_PrefabInstance: {fileID: 0}
  m_PrefabAsset: {fileID: 0}
  m_GameObject: {fileID: 6349162842043147526}
  m_Enabled: 1
  m_EditorHideFlags: 0
  m_Script: {fileID: 11500000, guid: d8b808a75ebd1eb499ae05dc11a35f95, type: 3}
  m_Name: 
  m_EditorClassIdentifier: 
--- !u!114 &6471751225026928928
MonoBehaviour:
  m_ObjectHideFlags: 0
  m_CorrespondingSourceObject: {fileID: 0}
  m_PrefabInstance: {fileID: 0}
  m_PrefabAsset: {fileID: 0}
  m_GameObject: {fileID: 6349162842043147526}
  m_Enabled: 1
  m_EditorHideFlags: 0
  m_Script: {fileID: 11500000, guid: fc53c04ed982841479ee280419f59e8a, type: 3}
  m_Name: 
  m_EditorClassIdentifier: 
  deathTimer: 0.9
  deathParticlePool: {fileID: 0}
  deathColor: {r: 0.34117648, g: 0.79215693, b: 0.37254903, a: 1}
--- !u!1 &8780061862294608617
GameObject:
  m_ObjectHideFlags: 0
  m_CorrespondingSourceObject: {fileID: 0}
  m_PrefabInstance: {fileID: 0}
  m_PrefabAsset: {fileID: 0}
  serializedVersion: 6
  m_Component:
  - component: {fileID: 8063537713658999453}
  m_Layer: 0
  m_Name: GroundCheckOrigin2
  m_TagString: Untagged
  m_Icon: {fileID: 3306451490063965843, guid: 0000000000000000d000000000000000, type: 0}
  m_NavMeshLayer: 0
  m_StaticEditorFlags: 0
  m_IsActive: 1
--- !u!4 &8063537713658999453
Transform:
  m_ObjectHideFlags: 0
  m_CorrespondingSourceObject: {fileID: 0}
  m_PrefabInstance: {fileID: 0}
  m_PrefabAsset: {fileID: 0}
  m_GameObject: {fileID: 8780061862294608617}
  m_LocalRotation: {x: 0, y: 0, z: 0, w: 1}
  m_LocalPosition: {x: 0.2, y: 0, z: 0}
  m_LocalScale: {x: 1, y: 1, z: 1}
  m_Children: []
  m_Father: {fileID: 1832398720298377815}
  m_RootOrder: 1
  m_LocalEulerAnglesHint: {x: 0, y: 0, z: 0}
--- !u!1001 &5791679362609704147
PrefabInstance:
  m_ObjectHideFlags: 0
  serializedVersion: 2
  m_Modification:
    m_TransformParent: {fileID: 8667758007575834257}
    m_Modifications:
    - target: {fileID: 100020, guid: 027d658e97dcab64f9779f5b2a1be899, type: 3}
      propertyPath: m_Name
      value: ibb
      objectReference: {fileID: 0}
    - target: {fileID: 400020, guid: 027d658e97dcab64f9779f5b2a1be899, type: 3}
      propertyPath: m_LocalPosition.x
      value: 0
      objectReference: {fileID: 0}
    - target: {fileID: 400020, guid: 027d658e97dcab64f9779f5b2a1be899, type: 3}
      propertyPath: m_LocalPosition.y
      value: -0.244
      objectReference: {fileID: 0}
    - target: {fileID: 400020, guid: 027d658e97dcab64f9779f5b2a1be899, type: 3}
      propertyPath: m_LocalPosition.z
      value: 0
      objectReference: {fileID: 0}
    - target: {fileID: 400020, guid: 027d658e97dcab64f9779f5b2a1be899, type: 3}
      propertyPath: m_LocalRotation.x
      value: 0
      objectReference: {fileID: 0}
    - target: {fileID: 400020, guid: 027d658e97dcab64f9779f5b2a1be899, type: 3}
      propertyPath: m_LocalRotation.y
      value: 0.7071068
      objectReference: {fileID: 0}
    - target: {fileID: 400020, guid: 027d658e97dcab64f9779f5b2a1be899, type: 3}
      propertyPath: m_LocalRotation.z
      value: 0
      objectReference: {fileID: 0}
    - target: {fileID: 400020, guid: 027d658e97dcab64f9779f5b2a1be899, type: 3}
      propertyPath: m_LocalRotation.w
      value: 0.7071068
      objectReference: {fileID: 0}
    - target: {fileID: 400020, guid: 027d658e97dcab64f9779f5b2a1be899, type: 3}
      propertyPath: m_RootOrder
      value: 1
      objectReference: {fileID: 0}
    - target: {fileID: 400020, guid: 027d658e97dcab64f9779f5b2a1be899, type: 3}
      propertyPath: m_LocalEulerAnglesHint.x
      value: 0
      objectReference: {fileID: 0}
    - target: {fileID: 400020, guid: 027d658e97dcab64f9779f5b2a1be899, type: 3}
      propertyPath: m_LocalEulerAnglesHint.y
      value: 90
      objectReference: {fileID: 0}
    - target: {fileID: 400020, guid: 027d658e97dcab64f9779f5b2a1be899, type: 3}
      propertyPath: m_LocalEulerAnglesHint.z
      value: 0
      objectReference: {fileID: 0}
    - target: {fileID: 9500000, guid: 027d658e97dcab64f9779f5b2a1be899, type: 3}
      propertyPath: m_Controller
      value: 
      objectReference: {fileID: 9100000, guid: f32fc4164da0477429c3d08cf150d465, type: 2}
    m_RemovedComponents: []
  m_SourcePrefab: {fileID: 100100000, guid: 027d658e97dcab64f9779f5b2a1be899, type: 3}
--- !u!1 &5791679362609605223 stripped
GameObject:
  m_CorrespondingSourceObject: {fileID: 100020, guid: 027d658e97dcab64f9779f5b2a1be899,
    type: 3}
  m_PrefabInstance: {fileID: 5791679362609704147}
  m_PrefabAsset: {fileID: 0}
--- !u!4 &5791679362609313351 stripped
Transform:
  m_CorrespondingSourceObject: {fileID: 400020, guid: 027d658e97dcab64f9779f5b2a1be899,
    type: 3}
  m_PrefabInstance: {fileID: 5791679362609704147}
  m_PrefabAsset: {fileID: 0}
